
@misc{redirectingIO,
  title = {{nixCraft:} Redirecting IO},
  howpublished = {\url{https://www.cyberciti.biz/faq/redirecting-stderr-to-stdout/}},
  note = {Accessed: 2017-01-04}
}

@misc{permScreenshot1,
  title = {Permissions Screenshot},
  note = {Taken from MacOS Terminal on 2017-01-02}
}

@misc{permValues,
  title = {Permissions Calculator},
  howpublished = {\url{http://permissions-calculator.org/}},
  note = {Accessed: 2017-01-05}
}

@misc{linuxLogo,
  title = {Clean Linux Logo},
  nowpublished = {\url{https://openclipart.org/detail/219293/a-linux-logo}},
  note = {Accessed: 2017-01-07}
}
