
@article{label1,
  author = "H.G. Wellington-boots",
  title = "The Science of the goose",
  year = "1991",
  journal = "IEEE Transactions",
  volume = "14",
  number = "3",
  pages = "342--351"
}

@article{label2,
author = "Mr BoyManJr",
title = "The Science of Caring",
year = "2141",
journal = "IEEE Transactions",
volume = "33",
number = "1",
pages = "12--52"
}

@book{label3,
author = "A. N. Other",
title = "Article 91",
year = "1991",
journal = "IEEE Transactions",
volume = "14",
number = "3",
pages = "342--351"
}
